@article{weiser,
			AUTHOR = {Mark Weiser},
			TITLE = {The Computer for the 21st Century},
			YEAR = {1991},
			journal = {Scientific American},
			NOTE = {Available in \url{http://nano.xerox.com/hypertext/weiser/SciAmDraft3.html} (last access 31/10/2011)}
}

@article{weiser2,
			AUTHOR = {Mark Weiser},
			TITLE = {The World is not a Desktop},
			journal = {ACM Interactions},
			YEAR = {1993},
			NOTE = {Available in \url{http://www.ubiq.com/hypertext/weiser/ACMInteractions2.html}  (last access 31/10/2011)}
}

@techreport{xerox,
			AUTHOR = {Mark Weiser; John Seely Brow},
			institution = {Xerox PARC},
			TITLE = {Designing Calm Technology},
			YEAR = {1995},
			NOTE = {Available in \url{http://nano.xerox.com/weiser/calmtech/calmtech.htm}  (last access 31/10/2011)}
}